@misc{NormGoal,
        author={Sarle, W.S.},
        title={comp.ai.neural-nets FAQ},
        year={2002},
        urldate={2002-10-11},
        address={Cary, NC, USA},
        url={http://www.faqs.org/faqs/ai-faq/neural-nets/part2/}
}

@bachelorsthesis{DataAug, 
        author={Klep, D.},
        title={Data augmentation of a handwritten character dataset for a Convolutional Neural Network and integration into a Bayesian Linear Framework},
        year={2016},
        school={Radboud University, Nijmegen}
}

@article{DataNoise,
        author = {M Zur, Richard and Jiang, Yulei and Pesce, Lorenzo and Drukker, Karen},
        year = {2009},
        month = {10},
        pages = {4810-8},
        title = {Noise injection for training artificial neural networks: A comparison with weight decay and early stopping},
        volume = {36},
        booktitle = {Medical physics}
}
@misc{erosion, 
        url={https://docs.opencv.org/2.4/doc/tutorials/imgproc/erosion_dilatation/erosion_dilatation.html},
        title={Eroding and dilating}
}
@misc{Shear, 
        author={E.W. Weisstein},
        url={http://mathworld.wolfram.com/Shear.html},
        title={Shear},
        publisher={From MathWorld--A Wolfram Web Resource.}
}
@article{evalsplitpoints,
        author={M. Brodowska},
        year={2011},
        title={Oversegmentation methods for character segmentation in off-line cursive handwritten word recognition - an overview},
        journal={Schedae Informaticae},
        volume={20},
        pages={43--65}
}
@article{evalsplitpointsnn,
        author={M. Blummstein and V. Brijesh},
        year={1999},
        publisher={IEEE},
        journal={The 2012 International Joint conference on Neural Networks {IJCNN}},
        title={A New Segmentation Algorithm For Handwritten Word Recognition}
}
@book{nnbook, 
        author={M. A. Nielsen},
        year={2015},
        title={Neural Networks and Deep Learning},
        publisher={Determination Press}
}

@article{olcr, 
        author={H. Tanaka and N. Iwayama and K. Akiyama}, 
        title={Online Handwriting Recognition Technology and Its Applications},
        year={2003},
        journal={Fujitsu scientific \& technical journal}
}

@article{dropout,
        author={N. Srivastava and G. Hinton and A. Krizhevsky and I. Sutskever and R. Salakhutdinov}, 
        title={Dropout: A Simple Way to Prevent Neural Networks from Overfitting},
        journal={Journal of Machine Learning Research},
        year={2014},
        volume={15},
        pages={1929--1958},
        school={Department of Computer Science, University of Toronto}
}

@article{adam,
  author    = {Diederik P. Kingma and
               Jimmy Ba},
  title     = {Adam: {A} Method for Stochastic Optimization},
  journal   = {CoRR},
  volume    = {abs/1412.6980},
  year      = {2014},
  url       = {http://arxiv.org/abs/1412.6980},
  archivePrefix = {arXiv},
  eprint    = {1412.6980},
  timestamp = {Wed, 07 Jun 2017 14:40:52 +0200},
  biburl    = {http://dblp.org/rec/bib/journals/corr/KingmaB14},
  bibsource = {dblp computer science bibliography, http://dblp.org}
}

@book{markov, 
	author = {M. Rosenblaat},
	year = {1974},
	title = {Markov Chains},
	publisher = {Springer, New York, NY},
	isbn = {978-1-4612-9854-0},
	doi = {https://doi.org/10.1007/978-1-4612-9852-6_3},
	volume = {17},
	series = {Graduate Texts in Mathmatics}
}
	
@book{ngrams, 
	title = {Speech and Language Processing},
	author = {Daniel Jurafsky and James H. Martin},
	year = {2014},
	chapter = {4}
}

	
	howpublished = {\url{http://storage.googleapis.com/books/ngrams/books/datasetsv2.html}}
